<?xml version="1.0" encoding="UTF-8"?>
<record xmlns="http://www.loc.gov/MARC21/slim" xmlns:xsi="http://www.w3.org/2001/XMLSchema-instance" xsi:schemaLocation="http://www.loc.gov/MARC21/slim http://www.loc.gov/standards/marcxml/schema/MARC21slim.xsd">
<leader>00000cam a22      a 4500</leader>
<controlfield tag="001">001676394</controlfield>
<controlfield tag="003">NNU</controlfield>
<controlfield tag="005">20150708173203.0</controlfield>
<controlfield tag="008">890406s1930    su            000 0 arard</controlfield>
<datafield tag="035" ind1=" " ind2=" ">
<subfield code="a">(OCoLC)80964016</subfield>
</datafield>
<datafield tag="040" ind1=" " ind2=" ">
<subfield code="a">MH</subfield>
<subfield code="b">eng</subfield>
<subfield code="c">HLS</subfield>
<subfield code="d">MEAUC</subfield>
<subfield code="d">OCLCQ</subfield>
</datafield>
<datafield tag="050" ind1=" " ind2="4">
<subfield code="a">BP195.J3</subfield>
<subfield code="b">I13 1930</subfield>
</datafield>
<datafield tag="100" ind1="1" ind2=" ">
<subfield code="6">880-01</subfield>
<subfield code="a">Ibn Ḥanbal, ʻAbd Allāh ibn Aḥmad,</subfield>
<subfield code="d">828-903.</subfield>
</datafield>
<datafield tag="240" ind1="1" ind2="0">
<subfield code="6">880-02</subfield>
<subfield code="a">Sunnah</subfield>
</datafield>
<datafield tag="245" ind1="1" ind2="0">
<subfield code="6">880-03</subfield>
<subfield code="a">Kitāb al-Sunnah /</subfield>
<subfield code="c">lil-Imām Aḥmad ibn Ḥanbal ; ʻuniya bi-taṣḥīḥih wa-al-ishrāf ʻalá ṭabʻihi lajnat min al-mashāyikh wa-al-ʻulamāʼ taḥta riʼāsat ʻAbd Allāh ibn Ḥasan ibn Ḥusayn Āl al-Shaykh.</subfield>
</datafield>
<datafield tag="260" ind1=" " ind2=" ">
<subfield code="6">880-04</subfield>
<subfield code="a">Makkah al-Mukarramah :</subfield>
<subfield code="b">al-Maṭbaʻah al-Salafīyah wa-Maktabatuhā,</subfield>
<subfield code="c">1349 [1930]</subfield>
</datafield>
<datafield tag="300" ind1=" " ind2=" ">
<subfield code="a">2 volumes in 1 (256 pages) ;</subfield>
<subfield code="c">28 cm</subfield>
</datafield>
<datafield tag="336" ind1=" " ind2=" ">
<subfield code="a">text</subfield>
<subfield code="b">txt</subfield>
<subfield code="2">rdacontent</subfield>
</datafield>
<datafield tag="337" ind1=" " ind2=" ">
<subfield code="a">unmediated</subfield>
<subfield code="b">n</subfield>
<subfield code="2">rdamedia</subfield>
</datafield>
<datafield tag="338" ind1=" " ind2=" ">
<subfield code="a">volume</subfield>
<subfield code="b">nc</subfield>
<subfield code="2">rdacarrier</subfield>
</datafield>
<datafield tag="650" ind1=" " ind2="0">
<subfield code="a">Jahmīyah</subfield>
<subfield code="x">Controversial literature</subfield>
<subfield code="v">Early works to 1800.</subfield>
</datafield>
<datafield tag="650" ind1=" " ind2="0">
<subfield code="a">Islam</subfield>
<subfield code="x">Doctrines</subfield>
<subfield code="v">Early works to 1800.</subfield>
</datafield>
<datafield tag="700" ind1="1" ind2=" ">
<subfield code="6">880-05</subfield>
<subfield code="a">Āl al-Shaykh, ʻAbd Allāh ibn Ḥasan ibn Ḥusayn.</subfield>
</datafield>
<datafield tag="880" ind1="1" ind2=" ">
<subfield code="6">100-01/</subfield>
<subfield code="a">ابن حنبل، عبد الله بن أحمد،,</subfield>
<subfield code="d">828-903.</subfield>
</datafield>
<datafield tag="880" ind1="1" ind2="0">
<subfield code="6">240-02/</subfield>
<subfield code="a">سنة</subfield>
</datafield>
<datafield tag="880" ind1="1" ind2="0">
<subfield code="6">245-03/</subfield>
<subfield code="a">كتاب السنة /</subfield>
<subfield code="c">لأحمد بن حنبل ؛ عني بتصحيحه والإشراف على طبعه لجنة من المشايخ والعلماء تحت رئاسة عبد الله بن حسن بن حسين آل الشيخ.</subfield>
</datafield>
<datafield tag="880" ind1=" " ind2=" ">
<subfield code="6">260-04/</subfield>
<subfield code="a">مكة المكرمة :</subfield>
<subfield code="b">المطبعة السلفية ومكتبتها،</subfield>
<subfield code="c">1349 [1930]</subfield>
</datafield>
<datafield tag="880" ind1="1" ind2=" ">
<subfield code="6">700-05/</subfield>
<subfield code="a">آل الشيخ، عبد الله بن حسن بن حسين.</subfield>
</datafield>
<datafield tag="OWN" ind1=" " ind2=" ">
<subfield code="a">GENERAL</subfield>
</datafield>
<datafield tag="AVA" ind1=" " ind2=" ">
<subfield code="a">NYU50</subfield>
<subfield code="b">BOBST</subfield>
<subfield code="c">Main Collection</subfield>
<subfield code="d">BP192 .I2</subfield>
<subfield code="e">unavailable</subfield>
<subfield code="t">Unavailable</subfield>
<subfield code="f">1</subfield>
<subfield code="g">1</subfield>
<subfield code="h">Y</subfield>
<subfield code="i">0</subfield>
<subfield code="j">MAIN</subfield>
<subfield code="k">0</subfield>
</datafield>
</record>
